@inproceedings{angeli2015leveraging,
  title={Leveraging linguistic structure for open domain information extraction},
  author={Angeli, Gabor and Premkumar, Melvin Jose Johnson and Manning, Christopher D},
  booktitle={Proceedings of the 53rd Annual Meeting of the Association for Computational Linguistics and the 7th International Joint Conference on Natural Language Processing (Volume 1: Long Papers)},
  pages={344--354},
  year={2015}
}

@inproceedings{lee2014importance,
  title={On the Importance of Text Analysis for Stock Price Prediction.},
  author={Lee, Heeyoung and Surdeanu, Mihai and MacCartney, Bill and Jurafsky, Dan},
  booktitle={LREC},
  pages={1170--1175},
  year={2014}
}

@article{loughran2011liability,
  title={When is a liability not a liability? Textual analysis, dictionaries, and 10-Ks},
  author={Loughran, Tim and McDonald, Bill},
  journal={The Journal of Finance},
  volume={66},
  number={1},
  pages={35--65},
  year={2011},
  publisher={Wiley Online Library}
}

@techreport{cohen2018lazy,
  title={Lazy prices},
  author={Cohen, Lauren and Malloy, Christopher and Nguyen, Quoc},
  year={2018},
  institution={National Bureau of Economic Research}
}

@inproceedings{engelberg2008costly,
  title={Costly information processing: Evidence from earnings announcements},
  author={Engelberg, Joseph},
  booktitle={AFA 2009 San Francisco Meetings Paper},
  year={2008}
}

@article{ball1968empirical,
  title={An empirical evaluation of accounting income numbers},
  author={Ball, Ray and Brown, Philip},
  journal={Journal of accounting research},
  pages={159--178},
  year={1968},
  publisher={JSTOR}
}

@article{loper2002nltk,
  title={NLTK: the natural language toolkit},
  author={Loper, Edward and Bird, Steven},
  journal={arXiv preprint cs/0205028},
  year={2002}
}

@article{smedt2012pattern,
  title={Pattern for python},
  author={Smedt, Tom De and Daelemans, Walter},
  journal={Journal of Machine Learning Research},
  volume={13},
  number={Jun},
  pages={2063--2067},
  year={2012}
}

@article{pedregosa2011scikit,
  title={Scikit-learn: Machine learning in Python},
  author={Pedregosa, Fabian and Varoquaux, Ga{\"e}l and Gramfort, Alexandre and Michel, Vincent and Thirion, Bertrand and Grisel, Olivier and Blondel, Mathieu and Prettenhofer, Peter and Weiss, Ron and Dubourg, Vincent and others},
  journal={Journal of machine learning research},
  volume={12},
  number={Oct},
  pages={2825--2830},
  year={2011}
}

@inproceedings{seabold2010statsmodels,
  title={Statsmodels: Econometric and statistical modeling with python},
  author={Seabold, Skipper and Perktold, Josef},
  booktitle={Proceedings of the 9th Python in Science Conference},
  volume={57},
  pages={61},
  year={2010},
  organization={Scipy}
}